<record><leader>00000cas a2200000 a 4500</leader><controlfield tag="001">12483848</controlfield><controlfield tag="008">850903d19031917ksucr ne      0    0eng d</controlfield><datafield ind1=" " ind2=" " tag="010"><subfield code="a">sn 85032688 </subfield></datafield><datafield ind1=" " ind2=" " tag="040"><subfield code="a">KSH</subfield><subfield code="b">eng</subfield><subfield code="c">KSH</subfield><subfield code="d">NPT</subfield><subfield code="d">OCL</subfield><subfield code="d">OCLCQ</subfield></datafield><datafield ind1=" " ind2=" " tag="042"><subfield code="a">msc</subfield></datafield><datafield ind1="0" ind2="4" tag="245"><subfield code="a">The Salina semi-weekly journal.</subfield></datafield><datafield ind1=" " ind2=" " tag="260"><subfield code="a">Salina, Kan. :</subfield><subfield code="b">P.B. Stone,</subfield><subfield code="c">1903-1917.</subfield></datafield><datafield ind1=" " ind2=" " tag="300"><subfield code="a">10 v. :</subfield><subfield code="b">ill. ;</subfield><subfield code="c">64 cm.</subfield></datafield><datafield ind1=" " ind2=" " tag="310"><subfield code="a">Semiweekly</subfield></datafield><datafield ind1="0" ind2=" " tag="362"><subfield code="a">Vol. 32, no. 72 (Feb. 24, 1903)-v. 42, no. 49 (May 29, 1917).</subfield></datafield><datafield ind1=" " ind2=" " tag="500"><subfield code="a">Published by: Bristow &amp; Allen, Sept. 1, 1903-Sept. 1, 1905; J.L. Bristow, Sept. 5, 1905-Nov. 27, 1914; Journal Pub. Co., Dec. 1, 1914-May 29, 1917.</subfield></datafield><datafield ind1=" " ind2=" " tag="752"><subfield code="a">United States</subfield><subfield code="b">Kansas</subfield><subfield code="c">Saline</subfield><subfield code="d">Salina.</subfield></datafield><datafield ind1="0" ind2="0" tag="780"><subfield code="t">Semi-weekly Salina republican-journal</subfield><subfield code="w">(DLC)sn 85032687</subfield></datafield><datafield ind1="0" ind2="0" tag="785"><subfield code="t">Kansas farm journal</subfield><subfield code="w">(DLC)sn 85032689</subfield></datafield><datafield ind1="1" ind2=" " tag="029"><subfield code="a">AU@</subfield><subfield code="b">000022166752</subfield></datafield></record>